<collection xmlns="http://www.loc.gov/MARC21/slim">
<record>
  <leader>01037nam0a2200217 i 450 </leader>
  <controlfield tag="001">IT\ICCU\CNCE\055836</controlfield>
  <controlfield tag="005">20160309000000.0</controlfield>
  <datafield tag="012" ind1=" " ind2=" ">
    <subfield code="a">      </subfield>
    <subfield code="2">fei</subfield>
    <subfield code="9">INR</subfield>
  </datafield>
  <datafield tag="100" ind1=" " ind2=" ">
    <subfield code="a">20040221f1532        0itac0103    ba</subfield>
  </datafield>
  <datafield tag="101" ind1=" " ind2=" ">
    <subfield code="a">ITA</subfield>
  </datafield>
  <datafield tag="102" ind1=" " ind2=" ">
    <subfield code="a">IT</subfield>
  </datafield>
  <datafield tag="200" ind1="1" ind2=" ">
    <subfield code="a">Burato con noua maestria gratiose donne nouo artificio vi apprto \!! accio che voi pi ̮accommodatamente possiati mostrare quanto vaglia lo ingegno vostro ne lauori, e ornamenti de camise &amp; alctri rechami ...</subfield>
  </datafield>
  <datafield tag="210" ind1=" " ind2=" ">
    <subfield code="d">\circa 1532!</subfield>
    <subfield code="e">\Toscolano!</subfield>
    <subfield code="g">P. Alex. Pag. Benacenses F. Bena. V.V.</subfield>
  </datafield>
  <datafield tag="215" ind1=" " ind2=" ">
    <subfield code="a">\20! c.</subfield>
    <subfield code="d">4ʻ</subfield>
  </datafield>
  <datafield tag="300" ind1=" " ind2=" ">
    <subfield code="a">Per la data cfr.: A. Nuovo, Alessandro Paganino (1509-1538), p. 193, n. 90</subfield>
  </datafield>
  <datafield tag="620" ind1=" " ind2=" ">
    <subfield code="a">IT</subfield>
    <subfield code="d">Toscolano</subfield>
  </datafield>
  <datafield tag="712" ind1="0" ind2="0">
    <subfield code="a">Paganini, Paganino &lt;1.&gt; &amp; Paganini, Alessandro</subfield>
    <subfield code="3">IT\ICCU\CNCT\000490</subfield>
    <subfield code="4">650</subfield>
  </datafield>
  <datafield tag="791" ind1="0" ind2="2">
    <subfield code="a">P. Alex. Pag. Benacenses</subfield>
    <subfield code="3">IT\ICCU\CNCT\002455</subfield>
    <subfield code="z">Paganini, Paganino &lt;1.&gt; &amp; Paganini, Alessandro</subfield>
  </datafield>
  <datafield tag="801" ind1=" " ind2="3">
    <subfield code="a">IT</subfield>
    <subfield code="b">ICCU</subfield>
    <subfield code="c">20201115</subfield>
  </datafield>
  <datafield tag="899" ind1=" " ind2=" ">
    <subfield code="a">Biblioteca civica A. Mai. Bergamo</subfield>
    <subfield code="1">BG0026</subfield>
    <subfield code="2">LO1 02</subfield>
  </datafield>
  <datafield tag="899" ind1=" " ind2=" ">
    <subfield code="a">Biblioteca civica Queriniana. Brescia</subfield>
    <subfield code="1">BS0026</subfield>
    <subfield code="2">ZBS 01</subfield>
  </datafield>
</record>
</collection>
